%% LaTeX2e file `main.bib'
%% generated by the `filecontents' environment
%% from source `main' on 2016/09/22.
%%
@book{Saussure1995,
    Author = {Ferdinand de Saussure},
    Origyear = {1916},
    Publisher = {Payot},
    Title = {Cours de Linguistique G{\'e}n{\'e}rale},
    Year = {1995}}

@article{Sag1985,
    Author = {Ivan A Sag and G Gazdar and T Wasow and S Weisler},
    Journal = {Natural Language \& Linguistic Theory},
    Pages = {117-171},
    Title = {Coordination and How to Distinguish Categories},
    Volume = {3},
    Year = {1985}}
